@book{akidauchernyaklax, place={Beijing}, title={Streaming systems: the what, where, when, and how of large-scale data processing}, publisher={OReilly}, author={Akidau, Tyler and Chernyak, Slava and Lax, Reuven}, year={2018}}

@online{panzieri,
	author = {S. Panzieri},
	editor = {Università Roma 3},
	title = {SCADA},
	date = {2015},
	url = {http://www.dia.uniroma3.it/autom/Reti_e_Sistemi_Automazione/PDF/9NSCADA.
	pdf},
}

@misc{akidau_chernyak_lax_2018, title={Figures: Streaming Systems Book}, url={http://streamingbook.net/fig}, journal={Streaming Systems Book}, author={Akidau, Tyler and Chernyak, Slava and Lax, Reuven}, year={2018}}

@book{aggarwal, place={Cham, Switzerland}, title={Neural networks and deep learning: a textbook}, publisher={Springer}, author={Aggarwal, Charu C.}, year={2018}}

@book{witten, place={Amsterdam}, title={Data mining: practical machine learning tools and techniques}, publisher={Morgan Kaufmann}, author={I.H Witten, Eibe Frank}, year={2017}}
@article{imagenet,
	title={Imagenet large scale visual recognition challenge},
	author={Russakovsky, Olga and Deng, Jia and Su, Hao and Krause, Jonathan and Satheesh, Sanjeev and Ma, Sean and Huang, Zhiheng and Karpathy, Andrej and Khosla, Aditya and Bernstein, Michael and others},
	journal={International journal of computer vision},
	volume={115},
	number={3},
	pages={211--252},
	year={2015},
	publisher={Springer}
}
@article{hochreiter,
	title={Long short-term memory},
	author={Hochreiter, Sepp and Schmidhuber, J{\"u}rgen},
	journal={Neural computation},
	volume={9},
	number={8},
	pages={1735--1780},
	year={1997},
	publisher={MIT Press}
}
@online{colah,
	author = {C. Olah},
	title = {Understanding LSTM Networks},
	date = {2015},
	month = {8},
	day = {27},
	url = {https://colah.github.io/posts/2015-08-Understanding-LSTMs/},
}


@inproceedings{sutskever,
	title={Sequence to sequence learning with neural networks},
	author={Sutskever, Ilya and Vinyals, Oriol and Le, Quoc V},
	booktitle={Advances in neural information processing systems},
	pages={3104--3112},
	year={2014}
}
@inproceedings{leguennec,
	title={Data augmentation for time series classification using convolutional neural networks},
	author={Le Guennec, Arthur and Malinowski, Simon and Tavenard, Romain},
	booktitle={ECML/PKDD workshop on advanced analytics and learning on temporal data},
	year={2016}
}

@book{giuliacci_giuliacci_corazzon_2010, place={Milano}, title={Manuale di meteorologia}, publisher={Alpha Test}, author={Giuliacci, Mario and Giuliacci, Andrea and Corazzon, Paolo}, year={2010}}

@book{kimball_ross_2013, place={Indianapolis}, title={The data warehouse toolkit: the Definitive Guide to Dimensional Modeling}, publisher={Wiley}, author={Kimball, Ralph and Ross, Margy}, year={2013}}
@book{kefauver_patschke_2007, place={Middleton, Wisc}, title={Fundamentals of digital audio}, publisher={A-R Editions}, author={Kefauver, Alan P. and Patschke, David}, year={2007}}
@book{calandrino_chiani_2002, place={Bologna}, title={Quaderni di comunicazioni elettriche}, publisher={Pitagora}, author={Calandrino, Leonardo and Chiani, Marco}, year={2002}}
@book{ross_2014, place={Santarcangelo di Romagna}, title={Introduzione alla statistica}, publisher={Maggioli}, author={Ross, Sheldon M.}, year={2014}}
@misc{wikipedia_2019, title={Regola del trapezio}, url={https://it.wikipedia.org/wiki/Regola_del_trapezio}, journal={Wikipedia}, publisher={Wikimedia Foundation}, year={2019}, month={Mar}}

@inproceedings{dietterich,
	title={Machine learning for sequential data: A review},
	author={Dietterich, Thomas G},
	booktitle={Joint IAPR international workshops on statistical techniques in pattern recognition (SPR) and structural and syntactic pattern recognition (SSPR)},
	pages={15--30},
	year={2002},
	organization={Springer}
}
@article{chung2017ubershuffle,
	title={Ubershuffle: Communication-efficient data shuffling for sgd via coding theory},
	author={Chung, Jichan and Lee, Kangwook and Pedarsani, Ramtin and Papailiopoulos, Dimitris and Ramchandran, Kannan},
	journal={Advances in NIPS},
	year={2017}
}
@misc{apachebeam, title={Apache Beam Programming Guide}, url={https://beam.apache.org/documentation/programming-guide/#creating-a-pipeline}, journal={Apache Beam}, publisher={Apache Software Foundation}}
@book{white_2012, title={Hadoop: The Definitive Guide}, publisher={Yahoo Press}, author={White, Tom E.}, year={2012}}
@misc{numpyrandomstate, title={numpy.random.RandomState}, url={https://docs.scipy.org/doc/numpy/reference/generated/numpy.random.RandomState.html}, journal={numpy.random.RandomState - NumPy v1.16 Manual}}
@misc{tensorflow, title={Using TFRecords and tf.Example  |  TensorFlow Core  |  TensorFlow}, url={https://www.tensorflow.org/tutorials/load_data/tf_records}, journal={TensorFlow}}
@misc{pickle, title={pickle - Python object serialization}, url={https://docs.python.org/3/library/pickle.html}, journal={pickle - Python object serialization - Python 3.7.3 documentation}}
@misc{flovik_flovik_2018, title={How (not) to use Machine Learning for time series forecasting: Avoiding the pitfalls}, url={https://towardsdatascience.com/how-not-to-use-machine-learning-for-time-series-forecasting-avoiding-the-pitfalls-19f9d7adf424}, journal={Towards Data Science}, publisher={Towards Data Science}, author={Flovik, Vegard and Flovik, Vegard}, year={2018}, month={Jun}}

@book{coulouris_2012, place={Harlow}, title={Distributed systems concepts and design}, publisher={Addison-Wesley / Pearson Education Ltd.}, author={Coulouris, George F.}, year={2012}}

@misc{knowles_2017_timely, title={Timely (and Stateful) Processing with Apache Beam}, url={https://beam.apache.org/blog/2017/08/28/timely-processing.html}, journal={Apache Beam}, publisher={Apache Software Foundation}, author={Knowles, Kenneth}, year={2017}, month={Aug}}
@misc{knowles_2017_stateful, title={Stateful processing with Apache Beam}, url={https://beam.apache.org/blog/2017/02/13/stateful-processing.html},journal={Apache Beam}, publisher={Apache Software Foundation}, author={Knowles, Kenneth}, year={2017}, month={Feb}}

@misc{beam2687, title={[BEAM-2687] Python SDK support for Stateful Processing}, url={https://issues.apache.org/jira/browse/BEAM-2687}, journal={Apache Beam}, publisher={Apache Software Foundation}, author={Altay, Ahmet}, year={2017}, month={Jul}}

@misc{beam4594, title={[BEAM-4594] Implement Beam Python User State and Timer API}, url={https://issues.apache.org/jira/browse/BEAM-4594},journal={Apache Beam}, publisher={Apache Software Foundation}, author={Chen, Charles}, year={2019}, month={Feb}}

@misc{beam7035, title={[BEAM-7035] Clear() method of OutputTimer is inconsistent}, url={https://issues.apache.org/jira/browse/BEAM-7035}, journal={Apache Beam}, publisher={Apache Software Foundation}, author={Kumar, Rakesh}, year={2019}, month={Apr}}

@misc{shannon_mark_2014, title={PEP 484 -- Type Hints}, url={https://www.python.org/dev/peps/pep-0484/}, journal={Python.org}, author={Shannon, Mark}, year={2014}, month={Sep}}

@article{martin2000design,
	title={Design principles and design patterns},
	author={Martin, Robert C},
	journal={Object Mentor},
	volume={1},
	number={34},
	pages={597},
	year={2000}
}

@misc{onofre_2017, title={[BEAM-2546] Create InfluxDbIO - ASF JIRA}, url={https://issues.apache.org/jira/browse/BEAM-2546}, journal={Apache Beam}, publisher={Apache Software Foundation}, author={Onofré, Jean-Baptiste}, year={2017}, month={Jun}}

Catastrophic forgetting
@inproceedings{kemker2018measuring,
	title={Measuring catastrophic forgetting in neural networks},
	author={Kemker, Ronald and McClure, Marc and Abitino, Angelina and Hayes, Tyler L and Kanan, Christopher},
	booktitle={Thirty-second AAAI conference on artificial intelligence},
	year={2018}
}

Time series, time lag
@book{wei_1990, place={Boston}, title={Time series analysis univariate and multivariate methods}, publisher={Pearson}, author={Wei, William W. S.}, year={1990}}

@misc{python2sunsetting, title={Moving to require Python 3}, url={https://python3statement.org/}, journal={Sunsetting Python 2 support}}